@article{exemple,
  author = {Auteur, A.},
  title = {Titre de l'article},
  journal = {Nom du journal},
  year = {2024},
  volume = {1},
  pages = {1-10}
}